@Book{Bishop2006,
    ISBN = {978-0-387-31073-2},
    Author = {Bishop, Christopher M.\},
    Title = {Pattern Recognition and Machine Learning},
    Publisher = {Springer},
    Year = {2006}
}

@article{Kingma2013,
    author  = {Kingma, Diederik P. and Welling, Max},
    title   = {Auto-Encoding Variational Bayes},
  journal = {ArXiv e-prints},
 keywords = {Statistics - Machine Learning, Computer Science - Learning},
     year = {2013},
    month = dec
}

@misc{MNIST,
author = {LeCun, Yann and Cortes, Corinna and Burges, Christopher J.C.},
title = "The {MNIST} Database of handwritten digits",
url = {http://yann.lecun.com/exdb/mnist/},
year = 2007
}

@article{Johnson16,
  author    = {Johnson, Justin and
              Alahi, Alexandre and
              Li, Fei{-}Fei},
  title     = {Perceptual Losses for Real-Time Style Transfer and Super-Resolution},
  year      = {2016},
  month     = mar,
  journal = {ArXiv e-prints},
}

@article{Dong15,
  author    = {Dong, Chao and
              Loy, Chen Change and
              He, Kaiming and
              Tang, Xiaoou},
  title     = {Image Super-Resolution Using Deep Convolutional Networks},
  month     = jan,
  year      = {2015},
  journal = {ArXiv e-prints},
}

@article{Kingma2014,
   author = {{Kingma}, D.~P. and {Rezende}, D.~J. and {Mohamed}, S. and {Welling}, M.
	},
    title = {Semi-Supervised Learning with Deep Generative Models},
     year = 2014,
    month = jun,
  journal = {ArXiv e-prints},
}

@article{Kingma2014b,
  author    = {Diederik P. Kingma and
               Jimmy Ba},
  title     = {Adam: {A} Method for Stochastic Optimization},
  journal   = {CoRR},
  volume    = {abs/1412.6980},
  year      = {2014},
  url       = {http://arxiv.org/abs/1412.6980},
  timestamp = {Thu, 01 Jan 2015 19:51:08 +0100},
  biburl    = {http://dblp.uni-trier.de/rec/bib/journals/corr/KingmaB14},
  bibsource = {dblp computer science bibliography, http://dblp.org}
}

@article{Kingma2014c,
   author = {{Kingma}, D. and {Ba}, J.},
    title = "{Adam: A Method for Stochastic Optimization}",
  journal = {ArXiv e-prints},
archivePrefix = "arXiv",
   eprint = {1412.6980},
 primaryClass = "cs.LG",
 keywords = {Computer Science - Learning},
     year = 2014,
    month = dec,
   adsurl = {http://adsabs.harvard.edu/abs/2014arXiv1412.6980K},
  adsnote = {Provided by the SAO/NASA Astrophysics Data System}
}

@article{Choi2015,
   author = {{Choi}, E. and {Taha Bahadori}, M. and {Schuetz}, A. and {Stewart}, W.~F. and 
	{Sun}, J.},
    title = "{Doctor AI: Predicting Clinical Events via Recurrent Neural Networks}",
  journal = {ArXiv e-prints},
archivePrefix = "arXiv",
   eprint = {1511.05942},
 primaryClass = "cs.LG",
 keywords = {Computer Science - Learning},
     year = 2015,
    month = nov,
}

@misc{Zimmerman2016,
    author = {{Zimmerman}, Y.},
    title = "{A Dual Classification Approach to Music Language Modeling}",
    howpublished = "\url{http://yoavz.com/music_rnn_paper.pdf}",
    year = 2016,
    month = mar,
}

@misc{NMD,
    author = {{Allwright}, James},
    title = "{ABC Version of the Nottingham Music Database}",
    howpublished = "\url{http://abc.sourceforge.net/NMD/}",
    year = 2003,
}

@ARTICLE{Chung2014,
   author = {{Chung}, J. and {Gulcehre}, C. and {Cho}, K. and {Bengio}, Y.
	},
    title = "{Empirical Evaluation of Gated Recurrent Neural Networks on Sequence Modeling}",
  journal = {ArXiv e-prints},
archivePrefix = "arXiv",
   eprint = {1412.3555},
 keywords = {Computer Science - Neural and Evolutionary Computing, Computer Science - Learning},
     year = 2014,
    month = dec,
}
